<marc:collection xmlns:marc="http://www.loc.gov/MARC21/slim" xmlns:xsi="http://www.w3.org/2001/XMLSchema-instance" xsi:schemaLocation="http://www.loc.gov/MARC21/slim http://www.loc.gov/standards/marcxml/schema/MARC21slim.xsd">
    <marc:record type="Bibliographic">
        <marc:leader>02590ceb a2200469 i 4500</marc:leader>
        <marc:controlfield tag="001">7153681</marc:controlfield>
        <marc:controlfield tag="005">20120814153908.0</marc:controlfield>
        <marc:controlfield tag="006">ez     eg     0   </marc:controlfield>
        <marc:controlfield tag="007">as caf|a</marc:controlfield>
        <marc:controlfield tag="008">120813s1877    enkz     eg     0   eng d</marc:controlfield>
        <marc:datafield tag="034" ind1="3" ind2=" ">
            <marc:subfield code="a">a</marc:subfield>
            <marc:subfield code="b">24440000</marc:subfield>
            <marc:subfield code="c">42700</marc:subfield>
            <marc:subfield code="d">-030.000000</marc:subfield>
            <marc:subfield code="e">-025.000000</marc:subfield>
            <marc:subfield code="f">32.000000</marc:subfield>
            <marc:subfield code="g">-32.000000</marc:subfield>
        </marc:datafield>
        <marc:datafield tag="040" ind1=" " ind2=" ">
            <marc:subfield code="a">NjP</marc:subfield>
            <marc:subfield code="c">NjP</marc:subfield>
        </marc:datafield>
        <marc:datafield tag="041" ind1="0" ind2=" ">
            <marc:subfield code="a">eng</marc:subfield>
        </marc:datafield>
        <marc:datafield tag="043" ind1=" " ind2=" ">
            <marc:subfield code="a">l------</marc:subfield>
        </marc:datafield>
        <marc:datafield tag="050" ind1=" " ind2="4">
            <marc:subfield code="a">G9101.C73 1877</marc:subfield>
            <marc:subfield code="b">.R6</marc:subfield>
        </marc:datafield>
        <marc:datafield tag="052" ind1=" " ind2=" ">
            <marc:subfield code="a">9100</marc:subfield>
        </marc:datafield>
        <marc:datafield tag="100" ind1="1" ind2=" ">
            <marc:subfield code="a">Buchanan, J. Y.</marc:subfield>
            <marc:subfield code="q">(John Young),</marc:subfield>
            <marc:subfield code="d">1844-1925.</marc:subfield>
        </marc:datafield>
        <marc:datafield tag="245" ind1="1" ind2="0">
            <marc:subfield code="a">Atlantic [ocean saltness]</marc:subfield>
            <marc:subfield code="h">[cartographic material] /</marc:subfield>
            <marc:subfield code="c">lithograph[ed] by W. &amp; A.K. Johnston, Edinburgh.</marc:subfield>
        </marc:datafield>
        <marc:datafield tag="255" ind1=" " ind2=" ">
            <marc:subfield code="a">Scale [ca. 1:24,440,000]</marc:subfield>
            <marc:subfield code="c">(W 30°00'--W 25°00'/N 32°00'--S 32°00').</marc:subfield>
        </marc:datafield>
        <marc:datafield tag="260" ind1=" " ind2=" ">
            <marc:subfield code="a">London:</marc:subfield>
            <marc:subfield code="b">published for the Journal of the Royal Geographical Society, by J. Murray, Albemarle Street,</marc:subfield>
            <marc:subfield code="c">1877.</marc:subfield>
        </marc:datafield>
        <marc:datafield tag="300" ind1=" " ind2=" ">
            <marc:subfield code="a">1 map :</marc:subfield>
            <marc:subfield code="b">col. ;</marc:subfield>
            <marc:subfield code="c">9 X 28 cm.</marc:subfield>
        </marc:datafield>
        <marc:datafield tag="500" ind1=" " ind2=" ">
            <marc:subfield code="a">Meridional section of Atlantic Ocean at ca. 25°-30° W longitude.</marc:subfield>
        </marc:datafield>
        <marc:datafield tag="500" ind1=" " ind2=" ">
            <marc:subfield code="a">Specific gravity of ocean waters shown by isolines. Depth shown in fathoms [vertical scale ca. 1:42,700].</marc:subfield>
        </marc:datafield>
        <marc:datafield tag="500" ind1=" " ind2=" ">
            <marc:subfield code="a">Dates of voyage along meridian are shown.</marc:subfield>
        </marc:datafield>
        <marc:datafield tag="500" ind1=" " ind2=" ">
            <marc:subfield code="a">Includes diagram "representing the distribution of surface-saltness along the same meridian."</marc:subfield>
        </marc:datafield>
        <marc:datafield tag="500" ind1=" " ind2=" ">
            <marc:subfield code="a">From: The Journal of the Royal Geographical Society of London. Vol. 47, (1877), pp. 72-86; held in Firestone Library. Call number: G7 .J687 v.47 1877</marc:subfield>
            <marc:subfield code="5">NjP</marc:subfield>
        </marc:datafield>
        <marc:datafield tag="501" ind1=" " ind2=" ">
            <marc:subfield code="a">Issued to accompany article: On the distribution of salt in the ocean, as indicated by the specific gravity of its waters / by J. Y. Buchanan, chemist and physicist in the Challenger expedition. Read before the Royal Geographical Society, March 12, 1877.</marc:subfield>
            <marc:subfield code="5">NjP</marc:subfield>
        </marc:datafield>
        <marc:datafield tag="530" ind1=" " ind2=" ">
            <marc:subfield code="a">Available also online through the Princeton University Libraries, Digital Map &amp; Geographic Data Web site.</marc:subfield>
        </marc:datafield>
        <marc:datafield tag="530" ind1=" " ind2=" ">
            <marc:subfield code="a">Online version of companion article available also through the JSTOR Web site. Access limited to subscribing member insitutions only.</marc:subfield>
        </marc:datafield>
        <marc:datafield tag="650" ind1=" " ind2="0">
            <marc:subfield code="a">Oceanography</marc:subfield>
            <marc:subfield code="v">Maps.</marc:subfield>
        </marc:datafield>
        <marc:datafield tag="650" ind1=" " ind2="0">
            <marc:subfield code="a">Salinity</marc:subfield>
            <marc:subfield code="z">Atlantic Ocean</marc:subfield>
            <marc:subfield code="v">Maps.</marc:subfield>
        </marc:datafield>
        <marc:datafield tag="650" ind1=" " ind2="0">
            <marc:subfield code="a">Specific gravity.</marc:subfield>
        </marc:datafield>
        <marc:datafield tag="650" ind1=" " ind2="0">
            <marc:subfield code="a">Challenger Expedition, 1872-1876.</marc:subfield>
        </marc:datafield>
        <marc:datafield tag="651" ind1=" " ind2="0">
            <marc:subfield code="a">Atlantic Ocean</marc:subfield>
            <marc:subfield code="v">Maps.</marc:subfield>
        </marc:datafield>
        <marc:datafield tag="655" ind1=" " ind2="7">
            <marc:subfield code="a">Meteorological charts.</marc:subfield>
            <marc:subfield code="2">lcgft</marc:subfield>
        </marc:datafield>
        <marc:datafield tag="710" ind1="2" ind2=" ">
            <marc:subfield code="a">W. &amp; A.K. Johnston Limited,</marc:subfield>
            <marc:subfield code="e">lithographer.</marc:subfield>
        </marc:datafield>
        <marc:datafield tag="710" ind1="2" ind2=" ">
            <marc:subfield code="a">John Murray (Firm),</marc:subfield>
            <marc:subfield code="e">publisher.</marc:subfield>
        </marc:datafield>
        <marc:datafield tag="740" ind1="0" ind2="2">
            <marc:subfield code="a">Journal of the Royal Geographical Society of London</marc:subfield>
            <marc:subfield code="n">v.47 ;</marc:subfield>
            <marc:subfield code="p">1877, (pp. 72-86).</marc:subfield>
            <marc:subfield code="5">NjP</marc:subfield>
        </marc:datafield>
        <marc:datafield tag="852" ind1="8" ind2=" ">
            <marc:subfield code="a">scimap</marc:subfield>
            <marc:subfield code="h">G9101.C73 1877</marc:subfield>
            <marc:subfield code="i">.R6</marc:subfield>
        </marc:datafield>
        <marc:datafield tag="856" ind1="4" ind2="1">
            <marc:subfield code="z">See the map</marc:subfield>
            <marc:subfield code="u">http://gisserver.princeton.edu/map/27087</marc:subfield>
        </marc:datafield>
        <marc:datafield tag="856" ind1="4" ind2="2">
            <marc:subfield code="u">http://www.jstor.org/stable/1798739</marc:subfield>
        </marc:datafield>
        <marc:datafield tag="902" ind1=" " ind2=" ">
            <marc:subfield code="a">mapst1</marc:subfield>
            <marc:subfield code="b">x</marc:subfield>
            <marc:subfield code="6">e</marc:subfield>
            <marc:subfield code="7">b</marc:subfield>
            <marc:subfield code="d">v</marc:subfield>
            <marc:subfield code="f">1</marc:subfield>
            <marc:subfield code="e">20120813</marc:subfield>
        </marc:datafield>
    </marc:record>
    <marc:record type="Holdings">
        <marc:leader>00184cx  a22000851  4500</marc:leader>
        <marc:controlfield tag="001">7018723</marc:controlfield>
        <marc:controlfield tag="004">7153681</marc:controlfield>
        <marc:controlfield tag="005">20120813170618.0</marc:controlfield>
        <marc:controlfield tag="008">1208134u    8   1001uu   0901128</marc:controlfield>
        <marc:datafield tag="852" ind1="8" ind2=" ">
            <marc:subfield code="b">scimap</marc:subfield>
            <marc:subfield code="h">G9101.C73 1877</marc:subfield>
            <marc:subfield code="i">.R6</marc:subfield>
        </marc:datafield>
    </marc:record>
</marc:collection>
